<record><leader>00000cas a22000007a 4500</leader><controlfield tag="001">12280093</controlfield><controlfield tag="008">850718c19799999mtuwr ne      0    0eng d</controlfield><datafield ind1=" " ind2=" " tag="010"><subfield code="a">sn 85053198 </subfield></datafield><datafield ind1=" " ind2=" " tag="040"><subfield code="a">MTL</subfield><subfield code="b">eng</subfield><subfield code="c">MTL</subfield><subfield code="d">OCLCQ</subfield><subfield code="d">MTG</subfield><subfield code="d">OCLCO</subfield><subfield code="d">OCLCF</subfield></datafield><datafield ind1="1" ind2=" " tag="029"><subfield code="a">AU@</subfield><subfield code="b">000025792957</subfield></datafield><datafield ind1=" " ind2=" " tag="042"><subfield code="a">msc</subfield></datafield><datafield ind1="0" ind2=" " tag="130"><subfield code="a">Judith Basin press (Stanford, Mont. : 1979)</subfield></datafield><datafield ind1="1" ind2="0" tag="245"><subfield code="a">Judith Basin press.</subfield></datafield><datafield ind1=" " ind2=" " tag="260"><subfield code="a">Stanford, Mont. :</subfield><subfield code="b">D.B. &amp; J.A. Brown,</subfield><subfield code="c">1979-</subfield></datafield><datafield ind1=" " ind2=" " tag="300"><subfield code="a">v. :</subfield><subfield code="b">ill. ;</subfield><subfield code="c">35-42 cm.</subfield></datafield><datafield ind1=" " ind2=" " tag="310"><subfield code="a">Weekly</subfield></datafield><datafield ind1="0" ind2=" " tag="362"><subfield code="a">Vol. 69, no. 29 (Jan. 4, 1979)-</subfield></datafield><datafield ind1=" " ind2="0" tag="651"><subfield code="a">Stanford (Mont.)</subfield><subfield code="v">Periodicals.</subfield></datafield><datafield ind1=" " ind2="7" tag="655"><subfield code="a">Periodicals.</subfield><subfield code="2">fast</subfield><subfield code="0">(OCoLC)fst01411641</subfield></datafield><datafield ind1=" " ind2="7" tag="651"><subfield code="a">Montana</subfield><subfield code="z">Stanford.</subfield><subfield code="2">fast</subfield><subfield code="0">(OCoLC)fst01219966</subfield></datafield><datafield ind1=" " ind2=" " tag="752"><subfield code="a">United States</subfield><subfield code="b">Montana</subfield><subfield code="c">Judith Basin</subfield><subfield code="d">Stanford.</subfield></datafield><datafield ind1="0" ind2="7" tag="780"><subfield code="t">Press-times (Stanford, Mont.)</subfield><subfield code="w">(DLC)sn 84036062</subfield></datafield></record>